<?xml version="1.0" encoding="UTF-8"?><collection xmlns="http://www.loc.gov/MARC21/slim"><record><leader>00576nam--2200193-u-4500</leader><controlfield tag="001">000054729</controlfield><controlfield tag="002">20161230</controlfield><controlfield tag="005">20161230201051</controlfield><controlfield tag="008">120528s1000------------r-----000-0-rus-d</controlfield><datafield ind1=" " ind2=" " tag="040"><subfield code="a">IFIN-HH</subfield></datafield><datafield ind1=" " ind2=" " tag="041"><subfield code="a">rus</subfield></datafield><datafield ind1=" " ind2=" " tag="080"><subfield code="a">539.172.3:538.9</subfield></datafield><datafield ind1="1" ind2=" " tag="100"><subfield code="a">Gonser, U</subfield></datafield><datafield ind1="1" ind2="0" tag="245"><subfield code="a">Messbuerovskaia spektroskopia</subfield><subfield code="b">Neobicenie primenenia metoda</subfield><subfield code="c">U. gonser (ed.)</subfield></datafield><datafield ind1=" " ind2=" " tag="260"><subfield code="a">Moskva</subfield><subfield code="b">Mir</subfield><subfield code="c">1983</subfield></datafield><datafield ind1=" " ind2=" " tag="300"><subfield code="a">244P</subfield></datafield><datafield ind1=" " ind2=" " tag="502"><subfield code="a">Titlul Original In Limba Engleza: Mossbauer Spectroscopy Ii The Exotic Side Of The Method</subfield></datafield><datafield ind1=" " ind2=" " tag="852"><subfield code="a">71769</subfield><subfield code="c">539.163.2</subfield></datafield><datafield ind1=" " ind2=" " tag="CAT"><subfield code="a">Sys</subfield><subfield code="c">20120528</subfield><subfield code="h">100237</subfield></datafield></record></collection>